<?xml version="1.0" encoding="UTF-8"?><collection xmlns="http://www.loc.gov/MARC21/slim"><record><leader>00369nam--2200121-i-4500</leader><controlfield tag="001">000034374</controlfield><controlfield tag="002">20161230</controlfield><controlfield tag="005">20161230201040</controlfield><controlfield tag="008">060222s1000------------r-----000-0-eng-d</controlfield><datafield ind1=" " ind2=" " tag="080"><subfield code="a">35.059(498)</subfield></datafield><datafield ind1=" " ind2=" " tag="245"><subfield code="a">Nomenclatura postala a localitatilor din republica populara roman</subfield></datafield><datafield ind1=" " ind2=" " tag="260"><subfield code="a">Bucuresti, Ministerul Transporturilor Si Telecomunicatiilor, 1961, 381p</subfield></datafield><datafield ind1=" " ind2=" " tag="852"><subfield code="a">47487</subfield></datafield></record></collection>